<?xml version="1.0" encoding="UTF-8"?><collection xmlns="http://www.loc.gov/MARC21/slim"><record><leader>00418nam--2200169-u-4500</leader><controlfield tag="001">000052125</controlfield><controlfield tag="002">20161230</controlfield><controlfield tag="005">20161230201049</controlfield><controlfield tag="008">090730s1000------------r-----000-0-eng-d</controlfield><datafield ind1=" " ind2=" " tag="040"><subfield code="a">IFIN-HH</subfield></datafield><datafield ind1=" " ind2=" " tag="080"><subfield code="a">517.942</subfield></datafield><datafield ind1="1" ind2=" " tag="100"><subfield code="a">Skoblya,N</subfield></datafield><datafield ind1="1" ind2=" " tag="245"><subfield code="a">Tablitsy dlya Chislennogo Obrashcheniya Preobrazovaniya Laplasa</subfield></datafield><datafield ind1=" " ind2=" " tag="260"><subfield code="a">Minsk</subfield><subfield code="c">1964</subfield></datafield><datafield ind1=" " ind2=" " tag="300"><subfield code="a">42 p</subfield></datafield><datafield ind1=" " ind2=" " tag="852"><subfield code="a">9755</subfield><subfield code="c">518.2</subfield></datafield><datafield ind1=" " ind2=" " tag="CAT"><subfield code="a">Sys</subfield><subfield code="c">20090730</subfield><subfield code="h">083509</subfield></datafield></record></collection>